@Book{GangOfFour,
  title={Design Patterns: Elements of Reusable Object-Oriented Software},
  edition={First},
  author={Gamma, Erich and Helm, Richard and Johnson, Ralph and Vlissides, John},
  isbn={9780201633610},
  year={1994},
  publisher={Addison-Wesley Professional}
}
